@article{Zhao2014FluxFlow:Media,
    title = {{{\#}FluxFlow: Visual Analysis of Anomalous Information Spreading on Social Media}},
    year = {2014},
    journal = {IEEE Transactions on Visualization and Computer Graphics},
    author = {Zhao, Jian and Cao, Nan and Wen, Zhen and Song, Yale and Lin, Yu-Ru and Collins, Christopher},
    number = {12},
    month = {12},
    pages = {1773--1782},
    volume = {20},
    url = {http://ieeexplore.ieee.org/document/6876013/},
    doi = {10.1109/TVCG.2014.2346922},
    issn = {1077-2626}
}

@article{RibeiroquotClassifier,
    title = {{{\&}quot; Why Should I Trust You? {\&}quot; Explaining the Predictions of Any Classifier}},
    author = {Ribeiro, Marco Tulio and Singh, Sameer and Guestrin, Carlos},
    url = {https://arxiv.org/pdf/1602.04938.pdf},
    doi = {10.1145/2939672.2939778}
}

@article{RibeiroquotClassifierb,
    title = {{{\&}quot; Why Should I Trust You? {\&}quot; Explaining the Predictions of Any Classifier}},
    author = {Ribeiro, Marco Tulio and Singh, Sameer and Guestrin, Carlos},
    url = {https://arxiv.org/pdf/1602.04938.pdf},
    doi = {10.1145/2939672.2939778}
}

@inproceedings{Ribeiro2016quotWhyYouquot,
    title = {{{\&}quot;Why Should I Trust You?{\&}quot;}},
    year = {2016},
    booktitle = {Proceedings of the 22nd ACM SIGKDD International Conference on Knowledge Discovery and Data Mining - KDD '16},
    author = {Ribeiro, Marco Tulio and Singh, Sameer and Guestrin, Carlos},
    pages = {1135--1144},
    publisher = {ACM Press},
    url = {http://dl.acm.org/citation.cfm?doid=2939672.2939778},
    address = {New York, New York, USA},
    isbn = {9781450342322},
    doi = {10.1145/2939672.2939778},
    keywords = {black box classifier, explaining machine learning, interpretability, interpretable machine learning}
}

@article{NamesJiSooYiaVisualizations,
    title = {{(a) Title TimeMatrix: Visualizing Temporal Social Networks Using Interactive Matrix-Based Visualizations}},
    author = {Names Ji Soo Yi, Author and Soo Yi, Ji}
}

@article{Pinto2009ARepresentation,
    title = {{A High-Throughput Screening Approach to Discovering Good Forms of Biologically Inspired Visual Representation}},
    year = {2009},
    journal = {PLoS Computational Biology},
    author = {Pinto, Nicolas and Doukhan, David and DiCarlo, James J. and Cox, David D.},
    editor = {Friston, Karl J.},
    number = {11},
    month = {11},
    pages = {e1000579},
    volume = {5},
    publisher = {Public Library of Science},
    url = {http://dx.plos.org/10.1371/journal.pcbi.1000579},
    doi = {10.1371/journal.pcbi.1000579},
    issn = {1553-7358}
}

@article{HsuAClassification,
    title = {{A Practical Guide to Support Vector Classification}},
    author = {Hsu, Chih-Wei and Chang, Chih-Chung and Lin, Chih-Jen},
    url = {http://www.csie.ntu.edu.tw/}
}

@article{Hinton2010AMachines,
    title = {{A Practical Guide to Training Restricted Boltzmann Machines}},
    year = {2010},
    author = {Hinton, Geoffrey},
    url = {http://learning.cs.toronto.edu}
}

@article{Liu2014AChallenges,
    title = {{A survey on information visualization: recent advances and challenges}},
    year = {2014},
    journal = {The Visual Computer},
    author = {Liu, Shixia and Cui, Weiwei and Wu, Yingcai and Liu, Mengchen},
    number = {12},
    month = {12},
    pages = {1373--1393},
    volume = {30},
    url = {http://link.springer.com/10.1007/s00371-013-0892-3},
    doi = {10.1007/s00371-013-0892-3},
    issn = {0178-2789}
}

@article{Wing2006AVisualization,
    title = {{A Survey on Multivariate Data Visualization}},
    year = {2006},
    author = {Wing, Winnie and Chan, -Yi}
}

@article{Wing2006AVisualizationb,
    title = {{A Survey on Multivariate Data Visualization}},
    year = {2006},
    author = {Wing, Winnie and Chan, -Yi}
}

@article{Isenberg2013AVisualization,
    title = {{A Systematic Review on the Practice of Evaluating Visualization}},
    year = {2013},
    journal = {IEEE Transactions on Visualization and Computer Graphics},
    author = {Isenberg, Tobias and Isenberg, Petra and {Jian Chen} and Sedlmair, Michael and Moller, Torsten},
    number = {12},
    month = {12},
    pages = {2818--2827},
    volume = {19},
    url = {http://ieeexplore.ieee.org/document/6634108/},
    doi = {10.1109/TVCG.2013.126},
    issn = {1077-2626}
}

@article{Kahng2017ActiVis:Models,
    title = {{ActiVis: Visual Exploration of Industry-Scale Deep Neural Network Models}},
    year = {2017},
    author = {Kahng, Minsuk and Andrews, Pierre Y. and Kalro, Aditya and Chau, Duen Horng},
    month = {4},
    url = {http://arxiv.org/abs/1704.01942},
    arxivId = {1704.01942}
}

@article{BergstraAlgorithmsOptimization,
    title = {{Algorithms for Hyper-Parameter Optimization}},
    author = {Bergstra, James and Bardenet, Rémi and Bengio, Yoshua and K{\'{e}}gl, Balázs},
    url = {https://papers.nips.cc/paper/4443-algorithms-for-hyper-parameter-optimization.pdf}
}

@article{Tam2017AnClassification,
    title = {{An Analysis of Machine- and Human-Analytics in Classification}},
    year = {2017},
    journal = {IEEE Transactions on Visualization and Computer Graphics},
    author = {Tam, Gary K. L. and Kothari, Vivek and Chen, Min},
    number = {1},
    month = {1},
    pages = {71--80},
    volume = {23},
    url = {http://ieeexplore.ieee.org/document/7539314/},
    doi = {10.1109/TVCG.2016.2598829},
    issn = {1077-2626}
}

@article{Tam2017AnClassificationb,
    title = {{An Analysis of Machine-and Human-Analytics in Classification}},
    year = {2017},
    journal = {IEEE Transactions on Visualization and Computer Graphics},
    author = {Tam, Gary K L and Kothari, Vivek and Chen, Min},
    number = {1},
    pages = {71--80},
    volume = {23},
    doi = {10.1109/TVCG.2016.2598829},
    issn = {1077-2626}
}

@article{CoatesAnLearning,
    title = {{An Analysis of Single-Layer Networks in Unsupervised Feature Learning}},
    author = {Coates, Adam and Lee, Honglak and Ng, Andrew Y},
    url = {https://www-cs.stanford.edu/people/ang/papers/nipsdlufl10-AnalysisSingleLayerUnsupervisedFeatureLearning.pdf}
}

@article{Paiva2015AnClassification,
    title = {{An Approach to Supporting Incremental Visual Data Classification}},
    year = {2015},
    journal = {IEEE Transactions on Visualization and Computer Graphics},
    author = {Paiva, Jose Gustavo S. and Schwartz, William Robson and Pedrini, Helio and Minghim, Rosane},
    number = {1},
    month = {1},
    pages = {4--17},
    volume = {21},
    url = {http://ieeexplore.ieee.org/document/6840370/},
    doi = {10.1109/TVCG.2014.2331979},
    issn = {1077-2626}
}

@incollection{Harley2015AnNetworks,
    title = {{An Interactive Node-Link Visualization of Convolutional Neural Networks}},
    year = {2015},
    author = {Harley, Adam W.},
    pages = {867--877},
    url = {http://link.springer.com/10.1007/978-3-319-27857-5_77},
    doi = {10.1007/978-3-319-27857-5{\_}77}
}

@article{Liu2016AnRetrieval,
    title = {{An Uncertainty-Aware Approach for Exploratory Microblog Retrieval}},
    year = {2016},
    journal = {IEEE Transactions on Visualization and Computer Graphics},
    author = {Liu, Mengchen and Liu, Shixia and Zhu, Xizhou and Liao, Qinying and Wei, Furu and Pan, Shimei},
    number = {1},
    month = {1},
    pages = {250--259},
    volume = {22},
    url = {http://ieeexplore.ieee.org/document/7192694/},
    doi = {10.1109/TVCG.2015.2467554},
    issn = {1077-2626}
}

@article{Liu2018AnalyzingModels,
    title = {{Analyzing the Training Processes of Deep Generative Models}},
    year = {2018},
    journal = {IEEE Transactions on Visualization and Computer Graphics},
    author = {Liu, Mengchen and Shi, Jiaxin and Cao, Kelei and Zhu, Jun and Liu, Shixia},
    number = {1},
    month = {1},
    pages = {77--87},
    volume = {24},
    url = {http://ieeexplore.ieee.org/document/8019879/},
    doi = {10.1109/TVCG.2017.2744938},
    issn = {1077-2626}
}

@article{HeerAnimatedGraphics,
    title = {{Animated Transitions in Statistical Data Graphics}},
    author = {Heer, Jeffrey and Robertson, George G},
    url = {http://vis.berkeley.edu/papers/animated_transitions/2007-AnimatedTransitions-InfoVis.pdf},
    keywords = {Index Terms—Statistical data graphics, animation, design, experiment, information visualization, transitions}
}

@inproceedings{Chau2011Apolo,
    title = {{Apolo}},
    year = {2011},
    booktitle = {Proceedings of the 2011 annual conference on Human factors in computing systems - CHI '11},
    author = {Chau, Duen Horng and Kittur, Aniket and Hong, Jason I. and Faloutsos, Christos},
    pages = {167},
    publisher = {ACM Press},
    url = {http://dl.acm.org/citation.cfm?doid=1978942.1978967},
    address = {New York, New York, USA},
    isbn = {9781450302289},
    doi = {10.1145/1978942.1978967},
    keywords = {belief propagation, large network, sensemaking}
}

@article{Pezzotti2017ApproximatedAnalytics,
    title = {{Approximated and User Steerable tSNE for Progressive Visual Analytics}},
    year = {2017},
    journal = {IEEE Transactions on Visualization and Computer Graphics},
    author = {Pezzotti, Nicola and Lelieveldt, Boudewijn P. F. and Maaten, Laurens van der and Hollt, Thomas and Eisemann, Elmar and Vilanova, Anna},
    number = {7},
    month = {7},
    pages = {1739--1752},
    volume = {23},
    url = {http://ieeexplore.ieee.org/document/7473883/},
    doi = {10.1109/TVCG.2016.2570755},
    issn = {1077-2626}
}

@inproceedings{Gotz2008Behavior-drivenRecommendation,
    title = {{Behavior-driven visualization recommendation}},
    year = {2008},
    booktitle = {Proceedingsc of the 13th international conference on Intelligent user interfaces - IUI '09},
    author = {Gotz, David and Wen, Zhen},
    pages = {315},
    publisher = {ACM Press},
    url = {http://portal.acm.org/citation.cfm?doid=1502650.1502695},
    address = {New York, New York, USA},
    isbn = {9781605581682},
    doi = {10.1145/1502650.1502695},
    keywords = {information visualization, intelligent visualization, user behavior modeling, visualization recommendation}
}

@article{Lam2018BridgingReports,
    title = {{Bridging from Goals to Tasks with Design Study Analysis Reports}},
    year = {2018},
    journal = {IEEE Transactions on Visualization and Computer Graphics},
    author = {Lam, Heidi and Tory, Melanie and Munzner, Tamara},
    isbn = {1077-2626 VO - PP},
    doi = {10.1109/TVCG.2017.2744319},
    issn = {10772626},
    keywords = {Analysis Goals, Data Analysis, Design Studies, Framework, Open Coding, Task Classifications}
}

@article{Lam2018BridgingReportsb,
    title = {{Bridging from Goals to Tasks with Design Study Analysis Reports}},
    year = {2018},
    journal = {IEEE Transactions on Visualization and Computer Graphics},
    author = {Lam, Heidi and Tory, Melanie and Munzner, Tamara},
    isbn = {1077-2626 VO - PP},
    doi = {10.1109/TVCG.2017.2744319},
    issn = {10772626},
    keywords = {Analysis Goals, Data Analysis, Design Studies, Framework, Open Coding, Task Classifications}
}

@inproceedings{Self2016BridgingAnalytics,
    title = {{Bridging the gap between user intention and model parameters for human-in-the-loop data analytics}},
    year = {2016},
    booktitle = {Proceedings of the Workshop on Human-In-the-Loop Data Analytics - HILDA '16},
    author = {Self, Jessica Zeitz and Vinayagam, Radha Krishnan and Fry, J. T. and North, Chris},
    pages = {1--6},
    publisher = {ACM Press},
    url = {http://dl.acm.org/citation.cfm?doid=2939502.2939505},
    address = {New York, New York, USA},
    isbn = {9781450342070},
    doi = {10.1145/2939502.2939505},
    keywords = {object-level interaction, usability, visual analytics}
}

@article{Ragan2016CharacterizingPurposes,
    title = {{Characterizing Provenance in Visualization and Data Analysis: An Organizational Framework of Provenance Types and Purposes}},
    year = {2016},
    journal = {IEEE Transactions on Visualization and Computer Graphics},
    author = {Ragan, Eric D. and Endert, Alex and Sanyal, Jibonananda and Chen, Jian},
    number = {1},
    month = {1},
    pages = {31--40},
    volume = {22},
    url = {http://ieeexplore.ieee.org/document/7192714/},
    doi = {10.1109/TVCG.2015.2467551},
    issn = {1077-2626}
}

@article{GotzCharacterizingProvenance,
    title = {{Characterizing Users' Visual Analytic Activity for Insight Provenance}},
    author = {Gotz, David and Zhou, Michelle X},
    url = {http://gotzfamily.org/david/pubs/gotz_vast_2008.pdf},
    keywords = {Analytic Ac-tivity, H50 [Information Systems], Information Inter-faces and Presentation—General, Information Visualization, Insight Provenance Index Terms, Taxonomy, Visual Analytics}
}

@article{GotzCharacterizingProvenanceb,
    title = {{Characterizing Users' Visual Analytic Activity for Insight Provenance}},
    author = {Gotz, David and Zhou, Michelle X},
    url = {https://gotz.web.unc.edu/files/2013/10/gotz_vast_2008.pdf},
    keywords = {Analytic Ac-tivity, H50 [Information Systems], Information Inter-faces and Presentation—General, Information Visualization, Insight Provenance Index Terms, Taxonomy, Visual Analytics}
}

@article{Bardenet2013CollaborativeTuning,
    title = {{Collaborative hyperparameter tuning}},
    year = {2013},
    author = {Bardenet, Rémi and Brendel, Mátyás and K{\'{e}}gl, Balázs and Ele Sebag, Mic},
    volume = {28},
    url = {http://proceedings.mlr.press/v28/bardenet13.pdf}
}

@article{ComputingScience,
    title = {{Computing Research and the Emerging Field of Data Science}},
    url = {https://cra.org/wp-content/uploads/2016/10/Computing-Research-and-the-Emerging-Field-of-Data-Science.pdf}
}

@inproceedings{ShimabukuroCoordinatedStudy,
    title = {{Coordinated views to assist exploration of spatio-temporal data: a case study}},
    booktitle = {Proceedings. Second International Conference on Coordinated and Multiple Views in Exploratory Visualization, 2004.},
    author = {Shimabukuro, M.H. and Flores, E.F. and de Oliveira, M.C.F. and Levkowitz, H.},
    pages = {107--117},
    publisher = {IEEE},
    url = {http://ieeexplore.ieee.org/document/1319531/},
    isbn = {0-7695-2179-7},
    doi = {10.1109/CMV.2004.1319531}
}

@inproceedings{Fogarty2008CueFlik,
    title = {{CueFlik}},
    year = {2008},
    booktitle = {Proceeding of the twenty-sixth annual CHI conference on Human factors in computing systems  - CHI '08},
    author = {Fogarty, James and Tan, Desney and Kapoor, Ashish and Winder, Simon},
    pages = {29},
    publisher = {ACM Press},
    url = {http://portal.acm.org/citation.cfm?doid=1357054.1357061},
    address = {New York, New York, USA},
    isbn = {9781605580111},
    doi = {10.1145/1357054.1357061},
    keywords = {cueflik, interactive concept learning, web image search}
}

@inproceedings{Fogarty2008CueFlikb,
    title = {{CueFlik}},
    year = {2008},
    booktitle = {Proceeding of the twenty-sixth annual CHI conference on Human factors in computing systems  - CHI '08},
    author = {Fogarty, James and Tan, Desney and Kapoor, Ashish and Winder, Simon},
    pages = {29},
    publisher = {ACM Press},
    url = {http://portal.acm.org/citation.cfm?doid=1357054.1357061},
    address = {New York, New York, USA},
    isbn = {9781605580111},
    doi = {10.1145/1357054.1357061},
    keywords = {cueflik, interactive concept learning, web image search}
}

@misc{D3.jsDocuments,
    title = {{D3.js - Data-Driven Documents}},
    url = {https://d3js.org/}
}

@article{Gotz2014DecisionFlow:Data,
    title = {{DecisionFlow: Visual Analytics for High-Dimensional Temporal Event Sequence Data}},
    year = {2014},
    journal = {IEEE Transactions on Visualization and Computer Graphics},
    author = {Gotz, David and Stavropoulos, Harry},
    number = {12},
    month = {12},
    pages = {1783--1792},
    volume = {20},
    url = {http://ieeexplore.ieee.org/document/6875996/},
    doi = {10.1109/TVCG.2014.2346682},
    issn = {1077-2626}
}

@article{Gotz2014DecisionFlow:Datab,
    title = {{DecisionFlow: Visual Analytics for High-Dimensional Temporal Event Sequence Data}},
    year = {2014},
    journal = {IEEE Transactions on Visualization and Computer Graphics},
    author = {Gotz, David and Stavropoulos, Harry},
    number = {12},
    month = {12},
    pages = {1783--1792},
    volume = {20},
    url = {http://ieeexplore.ieee.org/document/6875996/},
    doi = {10.1109/TVCG.2014.2346682},
    issn = {1077-2626}
}

@inproceedings{Satyanarayan2014DeclarativeVisualization,
    title = {{Declarative interaction design for data visualization}},
    year = {2014},
    booktitle = {Proceedings of the 27th annual ACM symposium on User interface software and technology - UIST '14},
    author = {Satyanarayan, Arvind and Wongsuphasawat, Kanit and Heer, Jeffrey},
    isbn = {9781450330695},
    doi = {10.1145/2642918.2647360}
}

@article{SimonyanDeepMaps,
    title = {{Deep Inside Convolutional Networks: Visualising Image Classification Models and Saliency Maps}},
    author = {Simonyan, Karen and Vedaldi, Andrea and Zisserman, Andrew},
    url = {https://arxiv.org/pdf/1312.6034.pdf}
}

@article{LeCun2015DeepLearning,
    title = {{Deep learning}},
    year = {2015},
    journal = {Nature},
    author = {LeCun, Yann and Bengio, Yoshua and Hinton, Geoffrey},
    number = {7553},
    month = {5},
    pages = {436--444},
    volume = {521},
    url = {http://www.nature.com/articles/nature14539},
    doi = {10.1038/nature14539},
    issn = {0028-0836}
}

@article{Claesen2014EasyOptunity,
    title = {{Easy Hyperparameter Search Using Optunity}},
    year = {2014},
    author = {Claesen, Marc and Simm, Jaak and Popovic, Dusan and Moreau, Yves and De Moor, Bart},
    month = {12},
    url = {http://arxiv.org/abs/1412.1114},
    arxivId = {1412.1114}
}

@article{YogatamaEfficientTuning,
    title = {{Efficient Transfer Learning Method for Automatic Hyperparameter Tuning}},
    author = {Yogatama, Dani and Mann, Gideon},
    url = {http://proceedings.mlr.press/v33/yogatama14.pdf}
}

@inproceedings{Potter2009Ensemble-Vis:Data,
    title = {{Ensemble-Vis: A Framework for the Statistical Visualization of Ensemble Data}},
    year = {2009},
    booktitle = {2009 IEEE International Conference on Data Mining Workshops},
    author = {Potter, Kristin and Wilson, Andrew and Bremer, Peer-Timo and Williams, Dean and Doutriaux, Charles and Pas, Valerio and Johnson, Chris R.},
    month = {12},
    pages = {233--240},
    publisher = {IEEE},
    url = {http://ieeexplore.ieee.org/document/5360497/},
    isbn = {978-1-4244-5384-9},
    doi = {10.1109/ICDMW.2009.55}
}

@inproceedings{Talbot2009EnsembleMatrix,
    title = {{EnsembleMatrix}},
    year = {2009},
    booktitle = {Proceedings of the 27th international conference on Human factors in computing systems - CHI 09},
    author = {Talbot, Justin and Lee, Bongshin and Kapoor, Ashish and Tan, Desney S.},
    pages = {1283},
    publisher = {ACM Press},
    url = {http://dl.acm.org/citation.cfm?doid=1518701.1518895},
    address = {New York, New York, USA},
    isbn = {9781605582467},
    doi = {10.1145/1518701.1518895},
    keywords = {caltech-101, ensemble classifiers, interactive machine learning, object recognition, visualization}
}

@article{Talbot2009EnsembleMatrix:Classifiers,
    title = {{EnsembleMatrix: Interactive Visualization to Support Machine Learning with Multiple Classifiers}},
    year = {2009},
    author = {Talbot, Justin and Lee, Bongshin and Kapoor, Ashish and Tan, Desney S},
    keywords = {Author Keywords Visualization, Graphical User Interface, I26 [Learning], ensemble clas-sifiers, interactive machine learning, object recognition}
}

@article{KandelEnterpriseStudy,
    title = {{Enterprise Data Analysis and Visualization: An Interview Study}},
    author = {Kandel, Sean and Paepcke, Andreas and Hellerstein, Joseph M and Heer, Jeffrey},
    keywords = {Index Terms—Data, analysis, enterprise, visualization}
}

@article{AmershiExaminingLearning,
    title = {{Examining Multiple Potential Models in End-User Interactive Concept Learning}},
    author = {Amershi, Saleema and Fogarty, James and Kapoor, Ashish and Tan, Desney},
    url = {http://aiweb.cs.washington.edu/research/projects/aiweb/media/papers/amershiCHI2010.pdf},
    keywords = {Human Factors, Performance INTRODUCTION AND MOTIVATION, User Interfaces H12 Models and Principles, User/Machine Systems General Terms Design}
}

@article{WangGANViz:Game,
    title = {{GANViz: A Visual Analytics Approach to Understand the Adversarial Game}},
    author = {Wang, Junpeng and Gou, Liang and Yang, Hao and Shen, Han-Wei},
    url = {http://web.cse.ohio-state.edu/~wang.7665/image/research/pvis18.pdf},
    keywords = {Index Terms—Generative adversarial nets, deep learning, model interpretation, visual analytics}
}

@misc{GoogleTimes,
    title = {{Google Researchers Are Learning How Machines Learn - The New York Times}},
    url = {https://www.nytimes.com/2018/03/06/technology/google-artificial-intelligence.html}
}

@article{KongGraphicalReading,
    title = {{Graphical Overlays: Using Layered Elements to Aid Chart Reading}},
    author = {Kong, Nicholas and Agrawala, Maneesh},
    url = {http://vis.berkeley.edu/papers/grover/kong-overlays-infovis2012.pdf},
    keywords = {Index Terms—Visualization, graph comprehension, graphical perception, overlays}
}

@article{Cui2014HowCorpora,
    title = {{How Hierarchical Topics Evolve in Large Text Corpora}},
    year = {2014},
    journal = {IEEE Transactions on Visualization and Computer Graphics},
    author = {Cui, Weiwei and Liu, Shixia and Wu, Zhuofeng and Wei, Hao},
    number = {12},
    month = {12},
    pages = {2281--2290},
    volume = {20},
    url = {http://ieeexplore.ieee.org/document/6875938/},
    doi = {10.1109/TVCG.2014.2346433},
    issn = {1077-2626}
}

@article{Fiebrink2011HumanLearning,
    title = {{Human Model Evaluation in Interactive Supervised Learning}},
    year = {2011},
    author = {Fiebrink, Rebecca and Cook, Perry R and Trueman, Daniel},
    keywords = {Interactive machine learning, evaluation, gesture, music}
}

@article{SachaHuman-CenteredChallenges,
    title = {{Human-Centered Machine Learning Through Interactive Visualization: Review and Open Challenges}},
    author = {Sacha, Dominik and Sedlmair, Michael and Zhang, Leishi and Lee, John Aldo and Weiskopf, Daniel and North, Stephen and Keim, Daniel},
    url = {http://eprints.mdx.ac.uk/20763/1/es2016-166PublishedVersion.pdf}
}

@article{Lake2015Human-levelInduction,
    title = {{Human-level concept learning through probabilistic program induction}},
    year = {2015},
    journal = {Science},
    author = {Lake, B. M. and Salakhutdinov, R. and Tenenbaum, J. B.},
    number = {6266},
    month = {12},
    pages = {1332--1338},
    volume = {350},
    url = {http://www.sciencemag.org/cgi/doi/10.1126/science.aab3050},
    doi = {10.1126/science.aab3050},
    issn = {0036-8075}
}

@article{Claesen2015HyperparameterLearning,
    title = {{Hyperparameter Search in Machine Learning}},
    year = {2015},
    author = {Claesen, Marc and De Moor, Bart},
    url = {https://arxiv.org/pdf/1502.02127.pdf},
    arxivId = {arXiv:1502.02127v2},
    keywords = {()}
}

@article{Porta2017ImagePresentation,
    title = {{Image grid display: A study on automatic scrolling presentation}},
    year = {2017},
    journal = {Visual Informatics},
    author = {Porta, Marco and Ricotti, Stefania},
    number = {1},
    pages = {16--24},
    volume = {1},
    doi = {10.1016/j.visinf.2017.01.003},
    issn = {2468502X}
}

@article{Paiva2011ImprovedClassification,
    title = {{Improved Similarity Trees and their Application to Visual Data Classification}},
    year = {2011},
    journal = {IEEE Transactions on Visualization and Computer Graphics},
    author = {Paiva, J. G. and Florian, L. and Pedrini, H. and Telles, G. and Minghim, R.},
    number = {12},
    month = {12},
    pages = {2459--2468},
    volume = {17},
    url = {http://ieeexplore.ieee.org/document/6065013/},
    doi = {10.1109/TVCG.2011.212},
    issn = {1077-2626}
}

@article{Cohn1994ImprovingLearning,
    title = {{Improving generalization with active learning}},
    year = {1994},
    journal = {Machine Learning},
    author = {Cohn, David and Atlas, Les and Ladner, Richard},
    number = {2},
    month = {5},
    pages = {201--221},
    volume = {15},
    url = {http://link.springer.com/10.1007/BF00993277},
    doi = {10.1007/BF00993277},
    issn = {0885-6125}
}

@article{FeurerInitializingMeta-Learning,
    title = {{Initializing Bayesian Hyperparameter Optimization via Meta-Learning}},
    author = {Feurer, Matthias and Springenberg, Jost Tobias and Hutter, Frank},
    keywords = {Heuristic Search and Optimization Track}
}

@article{deAlmeida2014IntegrationExhibition,
    title = {{Integration of Fogo Player and SAGE (Scalable Adaptive Graphics Environment) for 8K UHD Video Exhibition}},
    year = {2014},
    journal = {Journal of Computer and Communications},
    author = {de Almeida, Jane and de Souza Filho, Guido Lemos and Batista, Carlos Eduardo Coelho Freire and de Aquino Junior, Lucenildo Lins and Vilarouca Filho, Jose Ivan and Neto, Manoel Silva and da Silva, Cicero Inacio and Ciuffo, Leandro and Machado, Iara and Reis da Silva, Clayton},
    number = {12},
    pages = {50--55},
    volume = {02},
    url = {http://www.scirp.org/journal/doi.aspx?DOI=10.4236/jcc.2014.212006},
    doi = {10.4236/jcc.2014.212006},
    issn = {2327-5219}
}

@misc{Moore2010IntelligentData,
    title = {{Intelligent selection of language model training data}},
    year = {2010},
    booktitle = {Proceedings of the ACL 2010 Conference Short Papers},
    author = {Moore, Robert C. and Lewis, William},
    pages = {220--224},
    publisher = {Association for Computational Linguistics},
    url = {https://dl.acm.org/citation.cfm?id=1858883}
}

@inproceedings{Kapoor2010InteractiveClassification,
    title = {{Interactive optimization for steering machine classification}},
    year = {2010},
    booktitle = {Proceedings of the 28th international conference on Human factors in computing systems - CHI '10},
    author = {Kapoor, Ashish and Lee, Bongshin and Tan, Desney and Horvitz, Eric},
    pages = {1343},
    publisher = {ACM Press},
    url = {http://portal.acm.org/citation.cfm?doid=1753326.1753529},
    address = {New York, New York, USA},
    isbn = {9781605589299},
    doi = {10.1145/1753326.1753529},
    keywords = {decision theory, interactive machine learning, interactive optimization, visualization}
}

@inproceedings{Kapoor2010InteractiveClassificationb,
    title = {{Interactive optimization for steering machine classification}},
    year = {2010},
    booktitle = {Proceedings of the 28th international conference on Human factors in computing systems - CHI '10},
    author = {Kapoor, Ashish and Lee, Bongshin and Tan, Desney and Horvitz, Eric},
    isbn = {9781605589299},
    doi = {10.1145/1753326.1753529},
    issn = {9781605589299}
}

@article{Letham2015InterpretableModel,
    title = {{Interpretable classifiers using rules and Bayesian analysis: Building a better stroke prediction model}},
    year = {2015},
    journal = {The Annals of Applied Statistics},
    author = {Letham, Benjamin and Rudin, Cynthia and McCormick, Tyler H. and Madigan, David},
    number = {3},
    month = {9},
    pages = {1350--1371},
    volume = {9},
    url = {http://projecteuclid.org/euclid.aoas/1446488742},
    doi = {10.1214/15-AOAS848},
    issn = {1932-6157}
}

@article{FongInterpretablePerturbation,
    title = {{Interpretable Explanations of Black Boxes by Meaningful Perturbation}},
    author = {Fong, Ruth C and Vedaldi, Andrea},
    url = {https://arxiv.org/pdf/1704.03296.pdf}
}

@inproceedings{Fong2017InterpretablePerturbation,
    title = {{Interpretable Explanations of Black Boxes by Meaningful Perturbation}},
    year = {2017},
    booktitle = {Proceedings of the IEEE International Conference on Computer Vision},
    author = {Fong, Ruth C. and Vedaldi, Andrea},
    isbn = {9781538610329},
    doi = {10.1109/ICCV.2017.371},
    issn = {15505499},
    arxivId = {1704.03296}
}

@article{ChuangInterpretationAnalysis,
    title = {{Interpretation and Trust: Designing Model-Driven Visualizations for Text Analysis}},
    author = {Chuang, Jason and Ramage, Daniel and Manning, Christopher D and Heer, Jeffrey},
    keywords = {Visual analysis, design guidelines, statistical models, text}
}

@misc{InterpretingMedium,
    title = {{Interpreting Machine Learning Models – Ansaro Blog – Medium}},
    url = {https://medium.com/ansaro-blog/interpreting-machine-learning-models-1234d735d6c9}
}

@misc{InterpretingScience,
    title = {{Interpreting machine learning models – Towards Data Science}},
    url = {https://towardsdatascience.com/interpretability-in-machine-learning-70c30694a05f}
}

@incollection{Pezzotti2016Introduction,
    title = {{Introduction}},
    year = {2016},
    booktitle = {Investigating Italy's Past through Historical Crime Fiction, Films, and TV Series},
    author = {Pezzotti, Barbara},
    pages = {1--10},
    publisher = {Palgrave Macmillan US},
    url = {http://link.springer.com/10.1057/978-1-349-94908-3_1},
    address = {New York},
    doi = {10.1057/978-1-349-94908-3{\_}1}
}

@inproceedings{Fast2018Iris,
    title = {{Iris}},
    year = {2018},
    booktitle = {Proceedings of the 2018 CHI Conference on Human Factors in Computing Systems  - CHI '18},
    author = {Fast, Ethan and Chen, Binbin and Mendelsohn, Julia and Bassen, Jonathan and Bernstein, Michael S.},
    pages = {1--12},
    publisher = {ACM Press},
    url = {http://dl.acm.org/citation.cfm?doid=3173574.3174047},
    address = {New York, New York, USA},
    isbn = {9781450356206},
    doi = {10.1145/3173574.3174047},
    keywords = {conversational agents, data science}
}

@article{Strobelt2018LSTMVis:Networks,
    title = {{LSTMVis: A Tool for Visual Analysis of Hidden State Dynamics in Recurrent Neural Networks}},
    year = {2018},
    journal = {IEEE Transactions on Visualization and Computer Graphics},
    author = {Strobelt, Hendrik and Gehrmann, Sebastian and Pfister, Hanspeter and Rush, Alexander M.},
    number = {1},
    month = {1},
    pages = {667--676},
    volume = {24},
    url = {http://ieeexplore.ieee.org/document/8017583/},
    doi = {10.1109/TVCG.2017.2744158},
    issn = {1077-2626}
}

@inproceedings{Callahan2006ManagingVisTrails,
    title = {{Managing the Evolution of Dataflows with VisTrails}},
    year = {2006},
    booktitle = {22nd International Conference on Data Engineering Workshops (ICDEW'06)},
    author = {Callahan, S.P. and Freire, J. and Santos, E. and Scheidegger, C.E. and Silva, C.T. and {Huy T. Vo}},
    pages = {71--71},
    publisher = {IEEE},
    url = {http://ieeexplore.ieee.org/document/1623866/},
    isbn = {0-7695-2571-7},
    doi = {10.1109/ICDEW.2006.75}
}

@article{Dean2008MapReduce,
    title = {{MapReduce}},
    year = {2008},
    journal = {Communications of the ACM},
    author = {Dean, Jeffrey and Ghemawat, Sanjay},
    number = {1},
    month = {1},
    pages = {107},
    volume = {51},
    publisher = {ACM},
    url = {http://portal.acm.org/citation.cfm?doid=1327452.1327492},
    doi = {10.1145/1327452.1327492},
    issn = {00010782}
}

@misc{MNISTBurges,
    title = {{MNIST handwritten digit database, Yann LeCun, Corinna Cortes and Chris Burges}},
    url = {http://yann.lecun.com/exdb/mnist/}
}

@inproceedings{Amershi2015ModelTracker,
    title = {{ModelTracker}},
    year = {2015},
    booktitle = {Proceedings of the 33rd Annual ACM Conference on Human Factors in Computing Systems - CHI '15},
    author = {Amershi, Saleema and Chickering, Max and Drucker, Steven M. and Lee, Bongshin and Simard, Patrice and Suh, Jina},
    pages = {337--346},
    publisher = {ACM Press},
    url = {http://dl.acm.org/citation.cfm?doid=2702123.2702509},
    address = {New York, New York, USA},
    isbn = {9781450331456},
    doi = {10.1145/2702123.2702509}
}

@article{AmershiModelTracker:Learning,
    title = {{ModelTracker: Redesigning Performance Analysis Tools for Machine Learning}},
    author = {Amershi, Saleema and Chickering, Max and Drucker, Steven M and Lee, Bongshin and Simard, Patrice and Suh, Jina},
    url = {http://delivery.acm.org/10.1145/2710000/2702509/p337-amershi.pdf?ip=45.3.87.135&id=2702509&acc=ACTIVE%20SERVICE&key=B33240AC40EC9E30%2E80AE0C8B3B97B250%2E4D4702B0C3E38B35%2E4D4702B0C3E38B35&__acm__=1524515324_b91fabca026777757ce2ff1728f2664f},
    doi = {10.1145/2702123.2702509},
    keywords = {Author Keywords Machine Learning, HCI), Interactive Visualization, Performance Analysis, User interfaces}
}

@inproceedings{Bradel2014Multi-modelAnalytics,
    title = {{Multi-model semantic interaction for text analytics}},
    year = {2014},
    booktitle = {2014 IEEE Conference on Visual Analytics Science and Technology (VAST)},
    author = {Bradel, Lauren and North, Chris and House, Leanna and Leman, Scotland},
    month = {10},
    pages = {163--172},
    publisher = {IEEE},
    url = {http://ieeexplore.ieee.org/document/7042492/},
    isbn = {978-1-4799-6227-3},
    doi = {10.1109/VAST.2014.7042492}
}

@book{Kruskal1978MultidimensionalScaling,
    title = {{Multidimensional Scaling}},
    year = {1978},
    author = {Kruskal, Joseph and Wish, Myron},
    publisher = {SAGE Publications, Inc.},
    url = {http://methods.sagepub.com/book/multidimensional-scaling},
    address = {2455 Teller Road, Thousand Oaks California 91320 United States of America },
    isbn = {9780803909403},
    doi = {10.4135/9781412985130}
}

@article{Drago2016NewSciences,
    title = {{New Interpretative Categories for Natural and Social Sciences}},
    year = {2016},
    journal = {Advances in Historical Studies},
    author = {Drago, Antonino},
    number = {05},
    pages = {223--239},
    volume = {05},
    url = {http://www.scirp.org/journal/doi.aspx?DOI=10.4236/ahs.2016.55018},
    doi = {10.4236/ahs.2016.55018},
    issn = {2327-0438}
}

@article{Cuadras2014NonlinearScaling,
    title = {{Nonlinear Principal and Canonical Directions from Continuous Extensions of Multidimensional Scaling}},
    year = {2014},
    journal = {Open Journal of Statistics},
    author = {Cuadras, Carles M.},
    number = {02},
    pages = {154--171},
    volume = {04},
    url = {http://www.scirp.org/journal/doi.aspx?DOI=10.4236/ojs.2014.42015},
    doi = {10.4236/ojs.2014.42015},
    issn = {2161-718X}
}

@incollection{BoxG.E.P.andWilson1992OnConditions,
    title = {{On the Experimental Attainment of Optimum Conditions}},
    year = {1992},
    booktitle = {Breakthroughs in Statistics: Methodology and Distribution},
    author = {Box G. E. P.{\\\}and Wilson, K B},
    editor = {Kotz Samuel{\\\}and Johnson, Norman L},
    pages = {270--310},
    publisher = {Springer New York},
    url = {https://doi.org/10.1007/978-1-4612-4380-9_23},
    address = {New York, NY},
    isbn = {978-1-4612-4380-9},
    doi = {10.1007/978-1-4612-4380-9{\_}23}
}

@article{Liu2016OnlineStreams,
    title = {{Online Visual Analytics of Text Streams}},
    year = {2016},
    journal = {IEEE Transactions on Visualization and Computer Graphics},
    author = {Liu, Shixia and Yin, Jialun and Wang, Xiting and Cui, Weiwei and Cao, Kelei and Pei, Jian},
    number = {11},
    month = {11},
    pages = {2451--2466},
    volume = {22},
    url = {http://ieeexplore.ieee.org/document/7360233/},
    doi = {10.1109/TVCG.2015.2509990},
    issn = {1077-2626}
}

@inproceedings{Fan-YinTzengOpeningNetworks,
    title = {{Opening the Black Box - Data Driven Visualization of Neural Networks}},
    booktitle = {VIS 05. IEEE Visualization, 2005.},
    author = {{Fan-Yin Tzeng} and {Kwan-Liu Ma}},
    pages = {383--390},
    publisher = {IEEE},
    url = {http://ieeexplore.ieee.org/document/1532820/},
    isbn = {0-7803-9462-3},
    doi = {10.1109/VISUAL.2005.1532820}
}

@inproceedings{Fan-YinTzengOpeningNetworksb,
    title = {{Opening the Black Box - Data Driven Visualization of Neural Networks}},
    booktitle = {VIS 05. IEEE Visualization, 2005.},
    author = {{Fan-Yin Tzeng} and {Kwan-Liu Ma}},
    pages = {383--390},
    publisher = {IEEE},
    url = {http://ieeexplore.ieee.org/document/1532820/},
    isbn = {0-7803-9462-3},
    doi = {10.1109/VISUAL.2005.1532820}
}

@article{Muhlbacher2014OpeningImplementations,
    title = {{Opening the Black Box: Strategies for Increased User Involvement in Existing Algorithm Implementations}},
    year = {2014},
    journal = {IEEE Transactions on Visualization and Computer Graphics},
    author = {Muhlbacher, Thomas and Piringer, Harald and Gratzl, Samuel and Sedlmair, Michael and Streit, Marc},
    number = {12},
    month = {12},
    pages = {1643--1652},
    volume = {20},
    url = {http://ieeexplore.ieee.org/document/6875995/},
    doi = {10.1109/TVCG.2014.2346578},
    issn = {1077-2626}
}

@article{Hutter2009ParamILS:StutzleStStutzle,
    title = {{ParamILS: An Automatic Algorithm Configuration Framework Kevin Leyton-Brown Thomas St{\"{u}}tzleSt¨St{\"{u}}tzle}},
    year = {2009},
    journal = {Journal of Artificial Intelligence Research},
    author = {Hutter, Frank and Hoos, Holger H and Ca, Kevinlb@cs Ubc and Be, Stuetzle@ulb Ac},
    pages = {267--306},
    volume = {36},
    url = {http://www.ilog.com/products/cplex/}
}

@article{KapoorPerformanceProcedures,
    title = {{Performance and Preferences: Interactive Refinement of Machine Learning Procedures}},
    author = {Kapoor, Ashish and Lee, Bongshin and Tan, Desney and Horvitz, Eric},
    url = {http://erichorvitz.com/interactive_refinement_machine_learning.pdf}
}

@article{Wold1987PrincipalAnalysis,
    title = {{Principal component analysis}},
    year = {1987},
    journal = {Chemometrics and Intelligent Laboratory Systems},
    author = {Wold, Svante and Esbensen, Kim and Geladi, Paul},
    number = {1},
    pages = {37--52},
    volume = {2},
    doi = {10.1016/0169-7439(87)80084-9},
    issn = {01697439}
}

@inproceedings{Kulesza2015PrinciplesLearning,
    title = {{Principles of Explanatory Debugging to Personalize Interactive Machine Learning}},
    year = {2015},
    booktitle = {Proceedings of the 20th International Conference on Intelligent User Interfaces - IUI '15},
    author = {Kulesza, Todd and Burnett, Margaret and Wong, Weng-Keen and Stumpf, Simone},
    pages = {126--137},
    publisher = {ACM Press},
    url = {http://dl.acm.org/citation.cfm?doid=2678025.2701399},
    address = {New York, New York, USA},
    isbn = {9781450333061},
    doi = {10.1145/2678025.2701399},
    keywords = {end user programming, interactive machine learning}
}

@article{Stolper2014ProgressiveAnalytics,
    title = {{Progressive Visual Analytics: User-Driven Visual Exploration of In-Progress Analytics}},
    year = {2014},
    journal = {IEEE Transactions on Visualization and Computer Graphics},
    author = {Stolper, Charles D. and Perer, Adam and Gotz, David},
    number = {12},
    month = {12},
    pages = {1653--1662},
    volume = {20},
    url = {http://ieeexplore.ieee.org/document/6876049/},
    doi = {10.1109/TVCG.2014.2346574},
    issn = {1077-2626}
}

@article{Stolper2014ProgressiveAnalyticsb,
    title = {{Progressive Visual Analytics: User-Driven Visual Exploration of In-Progress Analytics}},
    year = {2014},
    journal = {IEEE Transactions on Visualization and Computer Graphics},
    author = {Stolper, Charles D. and Perer, Adam and Gotz, David},
    number = {12},
    month = {12},
    pages = {1653--1662},
    volume = {20},
    url = {http://ieeexplore.ieee.org/document/6876049/},
    doi = {10.1109/TVCG.2014.2346574},
    issn = {1077-2626}
}

@article{Stolper2014ProgressiveAnalyticsc,
    title = {{Progressive Visual Analytics: User-Driven Visual Exploration of In-Progress Analytics}},
    year = {2014},
    journal = {IEEE Transactions on Visualization and Computer Graphics},
    author = {Stolper, Charles D. and Perer, Adam and Gotz, David},
    number = {12},
    month = {12},
    pages = {1653--1662},
    volume = {20},
    url = {http://ieeexplore.ieee.org/document/6876049/},
    doi = {10.1109/TVCG.2014.2346574},
    issn = {1077-2626}
}

@article{LeiRationalizingPredictions,
    title = {{Rationalizing Neural Predictions}},
    author = {Lei, Tao and Barzilay, Regina and Jaakkola, Tommi},
    url = {https://people.csail.mit.edu/taolei/papers/emnlp16_rationale.pdf}
}

@article{Lei2016RationalizingPredictions,
    title = {{Rationalizing Neural Predictions}},
    year = {2016},
    author = {Lei, Tao and Barzilay, Regina and Jaakkola, Tommi},
    isbn = {9781450342322},
    doi = {10.1145/2939672.2939778},
    issn = {9781450321389},
    arxivId = {1606.04155}
}

@article{Bezerra2008ResponseChemistry,
    title = {{Response surface methodology (RSM) as a tool for optimization in analytical chemistry}},
    year = {2008},
    journal = {Talanta},
    author = {Bezerra, Marcos Almeida and Santelli, Ricardo Erthal and Oliveira, Eliane Padua and Villar, Leonardo Silveira and Escaleira, Luciane Amélia},
    number = {5},
    month = {9},
    pages = {965--977},
    volume = {76},
    publisher = {Elsevier},
    url = {https://www.sciencedirect.com/science/article/pii/S0039914008004050},
    doi = {10.1016/J.TALANTA.2008.05.019},
    issn = {0039-9140}
}

@article{ChungReVACNN:Analytics,
    title = {{ReVACNN: Steering Convolutional Neural Network via Real-Time Visual Analytics}},
    author = {Chung, Sunghyo and Park, Cheonbok and Suh, Sangho and Kang, Kyeongpil and Choo, Jaegul and Kwon, Bum Chul},
    url = {http://www.filmnips.com/wp-content/uploads/2016/11/FILM-NIPS2016_paper_32.pdf}
}

@article{TsayRunway:Tool,
    title = {{Runway: machine learning model experiment management tool}},
    author = {Tsay, Jason and Mummert, Todd and Bobroff, Norman and Braz, Alan and Westerink, Peter and Hirzel, Martin},
    url = {http://doi.acm.org/10.1145/}
}

@article{Pedregosa2011Scikit-learn:Python,
    title = {{Scikit-learn: Machine Learning in Python}},
    year = {2011},
    journal = {Journal of Machine Learning Research},
    author = {Pedregosa, Fabian and Varoquaux, Gaël and Gramfort, Alexandre and Michel, Vincent and Thirion, Bertrand and Grisel, Olivier and Blondel, Mathieu and Prettenhofer, Peter and Weiss, Ron and Dubourg, Vincent and Vanderplas, Jake and Passos, Alexandre and Cournapeau, David and Brucher, Matthieu and Perrot, Matthieu and Duchesnay, Édouard},
    number = {Oct},
    pages = {2825--2830},
    volume = {12},
    url = {http://www.jmlr.org/papers/v12/pedregosa11a.html},
    issn = {ISSN 1533-7928}
}

@article{Mackinlay2007ShowAnalysis,
    title = {{Show Me: Automatic Presentation for Visual Analysis}},
    year = {2007},
    journal = {IEEE Transactions on Visualization and Computer Graphics},
    author = {Mackinlay, Jock and Hanrahan, Pat and Stolte, Chris},
    number = {6},
    month = {11},
    pages = {1137--1144},
    volume = {13},
    url = {http://ieeexplore.ieee.org/document/4376133/},
    doi = {10.1109/TVCG.2007.70594},
    issn = {1077-2626}
}

@article{Wang2013SketchPadN-D:Space,
    title = {{SketchPadN-D: WYDIWYG sculpting and editing in high-dimensional space}},
    year = {2013},
    journal = {IEEE Transactions on Visualization and Computer Graphics},
    author = {Wang, Bing and Ruchikachorn, Puripant and Mueller, Klaus},
    isbn = {1077-2626},
    doi = {10.1109/TVCG.2013.190},
    issn = {10772626},
    pmid = {24051772},
    keywords = {N-D navigation, Synthetic data generation, data acquisition and management, data editing, high-dimensional data, interaction, multiple views, multivariate data, parallel coordinates, scatterplot, user interface}
}

@article{Ni2017Spatio-temporalPatterns,
    title = {{Spatio-temporal flow maps for visualizing movement and contact patterns}},
    year = {2017},
    journal = {Visual Informatics},
    author = {Ni, Bing and Shen, Qiaomu and Xu, Jiayi and Qu, Huamin},
    number = {1},
    pages = {57--64},
    volume = {1},
    doi = {10.1016/j.visinf.2017.01.007},
    issn = {2468502X}
}

@article{DomhanSpeedingCurves,
    title = {{Speeding Up Automatic Hyperparameter Optimization of Deep Neural Networks by Extrapolation of Learning Curves}},
    author = {Domhan, Tobias and Springenberg, Jost Tobias and Hutter, Frank},
    keywords = {Special Track on Machine Learning}
}

@article{Ren2017Squares:Classifiers,
    title = {{Squares: Supporting Interactive Performance Analysis for Multiclass Classifiers}},
    year = {2017},
    journal = {IEEE Transactions on Visualization and Computer Graphics},
    author = {Ren, Donghao and Amershi, Saleema and Lee, Bongshin and Suh, Jina and Williams, Jason D.},
    number = {1},
    month = {1},
    pages = {61--70},
    volume = {23},
    url = {http://ieeexplore.ieee.org/document/7539404/},
    doi = {10.1109/TVCG.2016.2598828},
    issn = {1077-2626}
}

@article{Badam2017SteeringAnalytics,
    title = {{Steering the Craft: UI Elements and Visualizations for Supporting Progressive Visual Analytics}},
    year = {2017},
    journal = {Computer Graphics Forum},
    author = {Badam, Sriram Karthik and Elmqvist, Niklas and Fekete, Jean-Daniel},
    number = {3},
    month = {6},
    pages = {491--502},
    volume = {36},
    publisher = {Wiley/Blackwell (10.1111)},
    url = {http://doi.wiley.com/10.1111/cgf.13205},
    doi = {10.1111/cgf.13205},
    issn = {01677055},
    keywords = {Categories and Subject Descriptors (according to ACM CCS), H.5.2 [Information Interfaces]: User Interfaces—GUI}
}

@article{Jovovic2015StochasticScaling,
    title = {{Stochastic Resonance Synergetics—Quantum Information Theory for Multidimensional Scaling}},
    year = {2015},
    journal = {Journal of Quantum Information Science},
    author = {Jovovic, Milan},
    number = {02},
    pages = {47--57},
    volume = {05},
    url = {http://www.scirp.org/journal/doi.aspx?DOI=10.4236/jqis.2015.52007},
    doi = {10.4236/jqis.2015.52007},
    issn = {2162-5751}
}

@article{Perin2014TableTables,
    title = {{Table! Improving Temporal Navigation in Soccer Ranking Tables}},
    year = {2014},
    author = {Perin, Charles and Vuillemot, Romain and Fekete, Jean-Daniel},
    pages = {887--896},
    publisher = {ACM},
    url = {https://hal.inria.fr/hal-00929844},
    doi = {10.1145/2556288.2557379>}
}

@article{Cao2016TargetVue:Systems,
    title = {{TargetVue: Visual Analysis of Anomalous User Behaviors in Online Communication Systems}},
    year = {2016},
    journal = {IEEE Transactions on Visualization and Computer Graphics},
    author = {Cao, Nan and Shi, Conglei and Lin, Sabrina and Lu, Jie and Lin, Yu-Ru and Lin, Ching-Yung},
    number = {1},
    month = {1},
    pages = {280--289},
    volume = {22},
    url = {http://ieeexplore.ieee.org/document/7185421/},
    doi = {10.1109/TVCG.2015.2467196},
    issn = {1077-2626}
}

@article{JohnsonTheSpectrum,
    title = {{The Effect of Population and {\&}quot; Structural {\&}quot; Biases on Social Media-based Algorithms – A Case Study in Geolocation Inference Across the Urban-Rural Spectrum}},
    author = {Johnson, Isaac and Mcmahon, Connor and Sch{\"{o}}ning, Johannes and Hecht, Brent},
    url = {http://brenthecht.com/publications/chi17_urbanruralgeolocationbias.pdf},
    doi = {10.1145/3025453.3026015},
    keywords = {Author Keywords Algorithmic accountability, HCI), Miscellaneous, geolocation inference, population bias}
}

@article{Endert2014TheAnalytics,
    title = {{The human is the loop: new directions for visual analytics}},
    year = {2014},
    journal = {J Intell Inf Syst},
    author = {Endert, Alex and Shahriar Hossain, M and Ramakrishnan, Naren and North, Chris and Fiaux, Patrick and Andrews, Christopher and Endert, A and Hossain, M S and Ramakrishnan, N and North, C and Fiaux, P and Andrews, C},
    pages = {411--435},
    volume = {43},
    url = {https://link.springer.com/content/pdf/10.1007%2Fs10844-014-0304-9.pdf},
    doi = {10.1007/s10844-014-0304-9},
    keywords = {Clustering {\textperiodcentered}, Semantic interaction {\textperiodcentered}, Spatialization {\textperiodcentered}, Storytelling, Visual analytics {\textperiodcentered}}
}

@article{Lipton2016TheInterpretability,
    title = {{The Mythos of Model Interpretability}},
    year = {2016},
    author = {Lipton, Zachary C.},
    month = {6},
    url = {http://arxiv.org/abs/1606.03490},
    arxivId = {1606.03490}
}

@article{Sacha2016TheAnalytics,
    title = {{The Role of Uncertainty, Awareness, and Trust in Visual Analytics}},
    year = {2016},
    journal = {IEEE Transactions on Visualization and Computer Graphics},
    author = {Sacha, Dominik and Senaratne, Hansi and Kwon, Bum Chul and Ellis, Geoffrey and Keim, Daniel A.},
    number = {1},
    month = {1},
    pages = {240--249},
    volume = {22},
    url = {http://ieeexplore.ieee.org/document/7192716/},
    doi = {10.1109/TVCG.2015.2467591},
    issn = {1077-2626}
}

@misc{TheDjango,
    title = {{The Web framework for perfectionists with deadlines | Django}},
    url = {https://www.djangoproject.com/}
}

@misc{ThoughtTechnology,
    title = {{Thought as a Technology}},
    url = {http://cognitivemedium.com/tat/index.html}
}

@article{Yi2010TimeMatrix:Visualizations,
    title = {{TimeMatrix: Analyzing Temporal Social Networks Using Interactive Matrix-Based Visualizations}},
    year = {2010},
    journal = {International Journal of Human-Computer Interaction},
    author = {Yi, Ji Soo and Elmqvist, Niklas and Lee, Seungyoon},
    number = {11-12},
    month = {11},
    pages = {1031--1051},
    volume = {26},
    publisher = { Taylor {\&} Francis Group },
    url = {http://www.tandfonline.com/doi/abs/10.1080/10447318.2010.516722},
    doi = {10.1080/10447318.2010.516722},
    issn = {1044-7318}
}

@article{Dou2016Topic-Analysis,
    title = {{Topic- and Time-Oriented Visual Text Analysis}},
    year = {2016},
    journal = {IEEE Computer Graphics and Applications},
    author = {Dou, Wenwen and Liu, Shixia},
    number = {4},
    month = {7},
    pages = {8--13},
    volume = {36},
    url = {http://ieeexplore.ieee.org/document/7526240/},
    doi = {10.1109/MCG.2016.73},
    issn = {0272-1716}
}

@inproceedings{Liu2014TopicPanorama:Topics,
    title = {{TopicPanorama: A full picture of relevant topics}},
    year = {2014},
    booktitle = {2014 IEEE Conference on Visual Analytics Science and Technology (VAST)},
    author = {Liu, Shixia and Wang, Xiting and Chen, Jianfei and Zhu, Jim and Guo, Baining},
    month = {10},
    pages = {183--192},
    publisher = {IEEE},
    url = {http://ieeexplore.ieee.org/document/7042494/},
    isbn = {978-1-4799-6227-3},
    doi = {10.1109/VAST.2014.7042494}
}

@article{Wang2016TopicPanorama:Topics,
    title = {{TopicPanorama: A Full Picture of Relevant Topics}},
    year = {2016},
    journal = {IEEE Transactions on Visualization and Computer Graphics},
    author = {Wang, Xiting and Liu, Shixia and Liu, Junlin and Chen, Jianfei and Zhu, Jun and Guo, Baining},
    number = {12},
    month = {12},
    pages = {2508--2521},
    volume = {22},
    url = {http://ieeexplore.ieee.org/document/7374750/},
    doi = {10.1109/TVCG.2016.2515592},
    issn = {1077-2626}
}

@article{Liu2016TowardsNetworks,
    title = {{Towards Better Analysis of Deep Convolutional Neural Networks}},
    year = {2016},
    author = {Liu, Mengchen and Shi, Jiaxin and Li, Zhen and Li, Chongxuan and Zhu, Jun and Liu, Shixia},
    url = {http://www.shixialiu.com/publications/cnnvis/paper.pdf http://arxiv.org/abs/1604.07043},
    doi = {10.1109/TVCG.2016.2598831},
    issn = {1077-2626},
    arxivId = {1604.07043},
    keywords = {Index Terms—Deep convolutional neural networks, biclustering, edge bundling, matrix reordering, rectangle packing}
}

@article{Liu2017TowardsNetworks,
    title = {{Towards Better Analysis of Deep Convolutional Neural Networks}},
    year = {2017},
    journal = {IEEE Transactions on Visualization and Computer Graphics},
    author = {Liu, Mengchen and Shi, Jiaxin and Li, Zhen and Li, Chongxuan and Zhu, Jun and Liu, Shixia},
    number = {1},
    month = {1},
    pages = {91--100},
    volume = {23},
    url = {http://ieeexplore.ieee.org/document/7536654/},
    doi = {10.1109/TVCG.2016.2598831},
    issn = {1077-2626}
}

@article{Liu2017TowardsPerspective,
    title = {{Towards better analysis of machine learning models: A visual analytics perspective}},
    year = {2017},
    journal = {Visual Informatics},
    author = {Liu, Shixia and Wang, Xiting and Liu, Mengchen and Zhu, Jun},
    number = {1},
    month = {3},
    pages = {48--56},
    volume = {1},
    publisher = {Elsevier},
    url = {https://www.sciencedirect.com/science/article/pii/S2468502X17300086},
    doi = {10.1016/J.VISINF.2017.01.006},
    issn = {2468-502X}
}

@article{LiuTowardsPerspective,
    title = {{Towards Better Analysis of Machine Learning Models: A Visual Analytics Perspective}},
    author = {Liu, Shixia and Wang, Xiting and Liu, Mengchen and Zhu, Jun},
    url = {https://arxiv.org/pdf/1702.01226.pdf},
    keywords = {diagnosis, interactive model analysis, interactive visualization, machine learning, refinement, understanding}
}

@article{Liu2017TowardsPerspectiveb,
    title = {{Towards better analysis of machine learning models: A visual analytics perspective}},
    year = {2017},
    journal = {Visual Informatics},
    author = {Liu, Shixia and Wang, Xiting and Liu, Mengchen and Zhu, Jun},
    number = {1},
    month = {3},
    pages = {48--56},
    volume = {1},
    publisher = {Elsevier},
    url = {https://www.sciencedirect.com/science/article/pii/S2468502X17300086#bib1},
    doi = {10.1016/J.VISINF.2017.01.006},
    issn = {2468-502X}
}

@article{Lamari2011TraceAlgeria,
    title = {{Trace element content of ginger and sage medicinal plants from Algeria}},
    year = {2011},
    journal = {Health},
    author = {Lamari, Zohra and Larbi, Rachid and Yagoubi, Benaouda},
    number = {09},
    pages = {542--544},
    volume = {03},
    url = {http://www.scirp.org/journal/doi.aspx?DOI=10.4236/health.2011.39091},
    doi = {10.4236/health.2011.39091},
    issn = {1949-4998}
}

@incollection{Wang2005TrainingMachines,
    title = {{Training Data Selection for Support Vector Machines}},
    year = {2005},
    author = {Wang, Jigang and Neskovic, Predrag and Cooper, Leon N.},
    pages = {554--564},
    publisher = {Springer, Berlin, Heidelberg},
    url = {http://link.springer.com/10.1007/11539087_71},
    doi = {10.1007/11539087{\_}71}
}

@article{Torsney-Weir2011Tuner:Exploration,
    title = {{Tuner: Principled Parameter Finding for Image Segmentation Algorithms Using Visual Response Surface Exploration}},
    year = {2011},
    journal = {IEEE Transactions on Visualization and Computer Graphics},
    author = {Torsney-Weir, Thomas and Saad, A. and Moller, T. and Hege, H. and Weber, B. and Verbavatz, J. and Bergner, Steven},
    number = {12},
    month = {12},
    pages = {1892--1901},
    volume = {17},
    url = {http://ieeexplore.ieee.org/document/6064952/},
    doi = {10.1109/TVCG.2011.248},
    issn = {1077-2626}
}

@article{WeiKohUnderstandingFunctions,
    title = {{Understanding Black-box Predictions via Influence Functions}},
    author = {Wei Koh, Pang and Liang, Percy},
    url = {https://arxiv.org/pdf/1703.04730.pdf}
}

@article{Yosinski2015UnderstandingVisualization,
    title = {{Understanding Neural Networks Through Deep Visualization}},
    year = {2015},
    author = {Yosinski, Jason and Clune, Jeff and Nguyen, Anh and Fuchs, Thomas and Lipson, Hod},
    url = {https://arxiv.org/pdf/1506.06579.pdf}
}

@article{Carter2017UsingIntelligence,
    title = {{Using Artificial Intelligence to Augment Human Intelligence}},
    year = {2017},
    journal = {Distill},
    author = {Carter, Shan and Nielsen, Michael},
    number = {12},
    month = {12},
    pages = {e9},
    volume = {2},
    url = {https://distill.pub/2017/aia},
    doi = {10.23915/distill.00009},
    issn = {2476-0757}
}

@article{Carter2017UsingIntelligenceb,
    title = {{Using Artificial Intelligence to Augment Human Intelligence}},
    year = {2017},
    journal = {Distill},
    author = {Carter, Shan and Nielsen, Michael},
    number = {12},
    month = {12},
    pages = {e9},
    volume = {2},
    url = {https://distill.pub/2017/aia},
    doi = {10.23915/distill.00009},
    issn = {2476-0757}
}

@article{JaegulChoo2013UTOPIAN:Factorization,
    title = {{UTOPIAN: User-Driven Topic Modeling Based on Interactive Nonnegative Matrix Factorization}},
    year = {2013},
    journal = {IEEE Transactions on Visualization and Computer Graphics},
    author = {{Jaegul Choo} and {Changhyun Lee} and Reddy, Chandan K. and Park, Haesun},
    number = {12},
    month = {12},
    pages = {1992--2001},
    volume = {19},
    url = {http://ieeexplore.ieee.org/document/6634167/},
    doi = {10.1109/TVCG.2013.212},
    issn = {1077-2626}
}

@article{Yang2017VISTopic:Modeling,
    title = {{VISTopic: A visual analytics system for making sense of large document collections using hierarchical topic modeling}},
    year = {2017},
    journal = {Visual Informatics},
    author = {Yang, Yi and Yao, Quanming and Qu, Huamin},
    number = {1},
    pages = {40--47},
    volume = {1},
    doi = {10.1016/j.visinf.2017.01.005},
    issn = {2468502X}
}

@article{BavoilVisTrails:Visualizations,
    title = {{VisTrails: Enabling Interactive Multiple-View Visualizations}},
    author = {Bavoil, Louis and Callahan, Steven P and Crossno, Patricia J and Freire, Juliana and Scheidegger, Carlos E and Audio, Cí and Silva, T and Vo, Huy T},
    keywords = {Keywords}
}

@article{BavoilVisTrails:Visualizationsb,
    title = {{VisTrails: Enabling Interactive Multiple-View Visualizations}},
    author = {Bavoil, Louis and Callahan, Steven P and Crossno, Patricia J and Freire, Juliana and Scheidegger, Carlos E and Audio, Cí and Silva, T and Vo, Huy T},
    keywords = {Keywords}
}

@article{BavoilVisTrails:Visualizationsc,
    title = {{VisTrails: Enabling Interactive Multiple-View Visualizations}},
    author = {Bavoil, Louis and Callahan, Steven P and Crossno, Patricia J and Freire, Juliana and Scheidegger, Carlos E and Audio, Cí and Silva, T and Vo, Huy T},
    keywords = {Keywords}
}

@inproceedings{Afzal2011VisualEvaluation,
    title = {{Visual analytics decision support environment for epidemic modeling and response evaluation}},
    year = {2011},
    booktitle = {2011 IEEE Conference on Visual Analytics Science and Technology (VAST)},
    author = {Afzal, Shehzad and Maciejewski, Ross and Ebert, David S.},
    month = {10},
    pages = {191--200},
    publisher = {IEEE},
    url = {http://ieeexplore.ieee.org/document/6102457/},
    isbn = {978-1-4673-0014-8},
    doi = {10.1109/VAST.2011.6102457}
}

@article{Fekete2013VisualExploration,
    title = {{Visual Analytics Infrastructures: From Data Management to Exploration}},
    year = {2013},
    journal = {Computer},
    author = {Fekete, Jean-Daniel},
    number = {7},
    month = {7},
    pages = {22--29},
    volume = {46},
    url = {http://ieeexplore.ieee.org/document/6488679/},
    doi = {10.1109/MC.2013.120},
    issn = {0018-9162}
}

@article{Heimerl2012VisualRetrieval,
    title = {{Visual classifier training for text document retrieval}},
    year = {2012},
    journal = {IEEE Transactions on Visualization and Computer Graphics},
    author = {Heimerl, Florian and Koch, Steffen and Bosch, Harald and Ertl, Thomas},
    number = {12},
    month = {12},
    pages = {2839--2848},
    volume = {18},
    url = {http://ieeexplore.ieee.org/document/6327290/},
    isbn = {1077-2626 VO - 18},
    doi = {10.1109/TVCG.2012.277},
    issn = {10772626},
    pmid = {26357193},
    keywords = {Visual analytics, active learning, classification, human computer interaction, information retrieval, user evaluation}
}

@article{Heimerl2012VisualRetrievalb,
    title = {{Visual Classifier Training for Text Document Retrieval}},
    year = {2012},
    journal = {IEEE Transactions on Visualization and Computer Graphics},
    author = {Heimerl, F. and Koch, S. and Bosch, H. and Ertl, T.},
    number = {12},
    month = {12},
    pages = {2839--2848},
    volume = {18},
    url = {http://ieeexplore.ieee.org/document/6327290/},
    doi = {10.1109/TVCG.2012.277},
    issn = {1077-2626}
}

@article{Hoffswell2016VisualVisualization,
    title = {{Visual Debugging Techniques for Reactive Data Visualization}},
    year = {2016},
    journal = {Computer Graphics Forum},
    author = {Hoffswell, Jane and Satyanarayan, Arvind and Heer, Jeffrey},
    number = {3},
    month = {6},
    pages = {271--280},
    volume = {35},
    publisher = {Wiley/Blackwell (10.1111)},
    url = {http://doi.wiley.com/10.1111/cgf.12903},
    doi = {10.1111/cgf.12903},
    issn = {01677055},
    keywords = {Categories and Subject Descriptors (according to ACM CCS), H.5.2 [Information Interfaces]: User Interfaces—GUI}
}

@article{Fuchs2009VisualLearning,
    title = {{Visual Human+Machine Learning}},
    year = {2009},
    journal = {IEEE Transactions on Visualization and Computer Graphics},
    author = {Fuchs, R. and Waser, J. and Groller, M.E.},
    number = {6},
    month = {11},
    pages = {1327--1334},
    volume = {15},
    url = {http://ieeexplore.ieee.org/document/5290745/},
    doi = {10.1109/TVCG.2009.199},
    issn = {1077-2626}
}

@article{Sacha2017VisualAnalysis,
    title = {{Visual Interaction with Dimensionality Reduction: A Structured Literature Analysis}},
    year = {2017},
    journal = {IEEE Transactions on Visualization and Computer Graphics},
    author = {Sacha, Dominik and Zhang, Leishi and Sedlmair, Michael and Lee, John A. and Peltonen, Jaakko and Weiskopf, Daniel and North, Stephen C. and Keim, Daniel A.},
    number = {1},
    month = {1},
    pages = {241--250},
    volume = {23},
    url = {http://ieeexplore.ieee.org/document/7536217/},
    doi = {10.1109/TVCG.2016.2598495},
    issn = {1077-2626}
}

@article{Zhang2018VisualSurvey,
    title = {{Visual interpretability for deep learning: a survey}},
    year = {2018},
    journal = {Frontiers of Information Technology {\&} Electronic Engineering},
    author = {Zhang, Quan-shi and Zhu, Song-chun},
    number = {1},
    month = {1},
    pages = {27--39},
    volume = {19},
    publisher = {Zhejiang University Press},
    url = {http://link.springer.com/10.1631/FITEE.1700808},
    doi = {10.1631/FITEE.1700808},
    issn = {2095-9184}
}

@article{Alsallakh2014VisualData,
    title = {{Visual Methods for Analyzing Probabilistic Classification Data}},
    year = {2014},
    journal = {IEEE Transactions on Visualization and Computer Graphics},
    author = {Alsallakh, Bilal and Hanbury, Allan and Hauser, Helwig and Miksch, Silvia and Rauber, Andreas},
    number = {12},
    month = {12},
    pages = {1703--1712},
    volume = {20},
    url = {http://ieeexplore.ieee.org/document/6875957/},
    doi = {10.1109/TVCG.2014.2346660},
    issn = {1077-2626}
}

@article{Gotz2016VisualReplication,
    title = {{Visual Model Validation via Inline Replication}},
    year = {2016},
    author = {Gotz, David and Price, Brandon A. and Chen, Annie T.},
    month = {5},
    url = {http://arxiv.org/abs/1605.08749},
    arxivId = {1605.08749}
}

@article{Sedlmair2014VisualFramework,
    title = {{Visual parameter space analysis: A conceptual framework}},
    year = {2014},
    journal = {IEEE Transactions on Visualization and Computer Graphics},
    author = {Sedlmair, Michael and Heinzl, Christoph and Bruckner, Stefan and Piringer, Harald and Moller, Torsten},
    isbn = {1077-2626},
    doi = {10.1109/TVCG.2014.2346321},
    issn = {10772626},
    keywords = {Parameter space analysis, input-output model, literature analysis, simulation, task characterization}
}

@article{Sedlmair2014VisualFrameworkb,
    title = {{Visual Parameter Space Analysis: A Conceptual Framework}},
    year = {2014},
    journal = {IEEE Transactions on Visualization and Computer Graphics},
    author = {Sedlmair, Michael and Heinzl, Christoph and Bruckner, Stefan and Piringer, Harald and Moller, Torsten},
    number = {12},
    month = {12},
    pages = {2161--2170},
    volume = {20},
    url = {http://ieeexplore.ieee.org/document/6876043/},
    doi = {10.1109/TVCG.2014.2346321},
    issn = {1077-2626}
}

@article{Obermaier2016VisualEnsembles,
    title = {{Visual Trends Analysis in Time-Varying Ensembles}},
    year = {2016},
    journal = {IEEE Transactions on Visualization and Computer Graphics},
    author = {Obermaier, Harald and Bensema, Kevin and Joy, Kenneth I.},
    doi = {10.1109/TVCG.2015.2507592},
    issn = {10772626},
    keywords = {Ensemble visualization, data analysis, trend visualization}
}

@article{Obermaier2016VisualEnsemblesb,
    title = {{Visual Trends Analysis in Time-Varying Ensembles}},
    year = {2016},
    journal = {IEEE Transactions on Visualization and Computer Graphics},
    author = {Obermaier, Harald and Bensema, Kevin and Joy, Kenneth I.},
    doi = {10.1109/TVCG.2015.2507592},
    issn = {10772626},
    keywords = {Ensemble visualization, data analysis, trend visualization}
}

@article{LiuVisualizationData,
    title = {{Visualization of Multivariate Data}},
    author = {Liu, Yan},
    url = {http://people.stat.sc.edu/hansont/stat730/MultivariateDataVisualization.pdf}
}

@article{Pretorius2011VisualizationAnalysis,
    title = {{Visualization of parameter space for image analysis}},
    year = {2011},
    journal = {IEEE Transactions on Visualization and Computer Graphics},
    author = {Pretorius, A. Johannes and Bray, Mark Anthony P. and Carpenter, Anne E. and Ruddle, Roy A.},
    isbn = {1077-2626 VO - 17},
    doi = {10.1109/TVCG.2011.253},
    issn = {10772626},
    pmid = {22034361},
    arxivId = {NIHMS150003},
    keywords = {Information visualization, image analysis, parameter space, sampling, visual analytics}
}

@article{Tam2011VisualizationDynamics,
    title = {{Visualization of Time-Series Data in Parameter Space for Understanding Facial Dynamics}},
    year = {2011},
    journal = {Computer Graphics Forum},
    author = {Tam, G. K. L. and Fang, H. and Aubrey, A. J. and Grant, P. W. and Rosin, P. L. and Marshall, D. and Chen, M.},
    number = {3},
    month = {6},
    pages = {901--910},
    volume = {30},
    publisher = {Wiley/Blackwell (10.1111)},
    url = {http://doi.wiley.com/10.1111/j.1467-8659.2011.01939.x},
    doi = {10.1111/j.1467-8659.2011.01939.x},
    issn = {01677055}
}

@article{Wu2012VisualizingProcesses,
    title = {{Visualizing Flow of Uncertainty through Analytical Processes}},
    year = {2012},
    journal = {IEEE Transactions on Visualization and Computer Graphics},
    author = {Wu, Yingcai and Yuan, Guo-Xun and Ma, Kwan-Liu},
    number = {12},
    month = {12},
    pages = {2526--2535},
    volume = {18},
    url = {http://ieeexplore.ieee.org/document/6327258/},
    doi = {10.1109/TVCG.2012.285},
    issn = {1077-2626}
}

@article{CRAVEN1992VISUALIZINGNETWORKS,
    title = {{VISUALIZING LEARNING AND COMPUTATION IN ARTIFICIAL NEURAL NETWORKS}},
    year = {1992},
    journal = {International Journal on Artificial Intelligence Tools},
    author = {CRAVEN, MARK W. and SHAVLIK, JUDE W.},
    number = {03},
    month = {9},
    pages = {399--425},
    volume = {01},
    url = {http://www.worldscientific.com/doi/abs/10.1142/S0218213092000260},
    doi = {10.1142/S0218213092000260},
    issn = {0218-2130}
}

@article{Rauber2017VisualizingNetworks,
    title = {{Visualizing the Hidden Activity of Artificial Neural Networks}},
    year = {2017},
    journal = {IEEE Transactions on Visualization and Computer Graphics},
    author = {Rauber, Paulo E. and Fadel, Samuel G. and Falcao, Alexandre X. and Telea, Alexandru C.},
    number = {1},
    month = {1},
    pages = {101--110},
    volume = {23},
    url = {http://ieeexplore.ieee.org/document/7539329/},
    doi = {10.1109/TVCG.2016.2598838},
    issn = {1077-2626}
}

@article{WongsuphasawatVoyagerSpecifications,
    title = {{Voyager 2: Augmenting Visual Analysis with Partial View Specifications}},
    author = {Wongsuphasawat, Kanit and Qu, Zening and Moritz, Dominik and Chang, Riley and Ouk, Felix and Anand, Anushka and Mackinlay, Jock and Howe, Bill and Heer, Jeffrey},
    doi = {10.1145/3025453.3025768},
    keywords = {Data visualization, exploratory analysis, mixed-initiative interfaces., partial specification, visualization recommendation}
}

@article{Wongsuphasawat2016Voyager:Recommendations,
    title = {{Voyager: Exploratory Analysis via Faceted Browsing of Visualization Recommendations}},
    year = {2016},
    journal = {IEEE Transactions on Visualization and Computer Graphics},
    author = {Wongsuphasawat, Kanit and Moritz, Dominik and Anand, Anushka and Mackinlay, Jock and Howe, Bill and Heer, Jeffrey},
    isbn = {1077-2626},
    doi = {10.1109/TVCG.2015.2467191},
    issn = {10772626},
    keywords = {Browsers, Compass, Data visualization, Encoding, Grammar, Image color analysis, Visualization}
}

@inproceedings{Heer2007VoyagersVoyeurs,
    title = {{Voyagers and voyeurs}},
    year = {2007},
    booktitle = {Proceedings of the SIGCHI conference on Human factors in computing systems  - CHI '07},
    author = {Heer, Jeffrey and Vi{\'{e}}gas, Fernanda B. and Wattenberg, Martin},
    pages = {1029},
    publisher = {ACM Press},
    url = {http://portal.acm.org/citation.cfm?doid=1240624.1240781},
    address = {New York, New York, USA},
    isbn = {9781595935939},
    doi = {10.1145/1240624.1240781},
    keywords = {annotation, asynchronous collaboration, bookmarks, communication-minded visualization, groupware, information visualization, social data analysis}
}

@misc{WelcomeDocumentation,
    title = {{Welcome to Bokeh — Bokeh 0.13.0 documentation}},
    url = {https://bokeh.pydata.org/en/latest/}
}

@article{Sacha2017WhatVisualization,
    title = {{What you see is what you can change: Human-centered machine learning by interactive visualization}},
    year = {2017},
    journal = {Neurocomputing},
    author = {Sacha, Dominik and Sedlmair, Michael and Zhang, Leishi and Lee, John A and Peltonen, Jaakko and Weiskopf, Daniel and North, Stephen C and Keim, Daniel A},
    pages = {164--175},
    volume = {268},
    url = {http://dx.doi.org/10.1016/j.neucom.2017.01.105},
    doi = {10.1016/j.neucom.2017.01.105},
    keywords = {Information visualization, Interaction, Machine learning, Visual analytics}
}